<?xml version="1.0" encoding="UTF-8"?><collection xmlns="http://www.loc.gov/MARC21/slim"><record><leader>00483nam--2200181-u-4500</leader><controlfield tag="001">000053441</controlfield><controlfield tag="002">20161230</controlfield><controlfield tag="005">20161230201051</controlfield><controlfield tag="008">110405s1000------------r-----000-0-eng-d</controlfield><datafield ind1=" " ind2=" " tag="020"><subfield code="a">9812561439</subfield></datafield><datafield ind1=" " ind2=" " tag="040"><subfield code="a">IFIN-HH</subfield></datafield><datafield ind1=" " ind2=" " tag="080"><subfield code="a">530.16:577.12</subfield></datafield><datafield ind1="1" ind2=" " tag="100"><subfield code="a">Huang, Kerson</subfield></datafield><datafield ind1="1" ind2="0" tag="245"><subfield code="a">Lectures on statistical physics and protein folding</subfield><subfield code="c">Kerson huang</subfield></datafield><datafield ind1=" " ind2=" " tag="260"><subfield code="a">New Jersey</subfield><subfield code="b">World Scientific</subfield><subfield code="c">2005</subfield></datafield><datafield ind1=" " ind2=" " tag="300"><subfield code="a">144P</subfield></datafield><datafield ind1=" " ind2=" " tag="852"><subfield code="a">82205</subfield><subfield code="c">530.161</subfield></datafield><datafield ind1=" " ind2=" " tag="CAT"><subfield code="a">Sys</subfield><subfield code="c">20110405</subfield><subfield code="h">104032</subfield></datafield></record></collection>